@article{garey1982complexity,
  title={The complexity of the generalized Lloyd-max problem (corresp.)},
  author={Garey, MR and Johnson, D and Witsenhausen, Hans},
  journal={IEEE Transactions on Information Theory},
  volume={28},
  number={2},
  pages={255--256},
  year={1982},
  publisher={IEEE}
}

@article{hartigan1975clustering,
  title={Clustering algorithms},
  author={Hartigan, John A},
  year={1975},
  publisher={Wiley}
}

@article{wang2013projection,
  title={Projection onto the probability simplex: An efficient algorithm with a simple proof, and an application},
  author={Wang, Weiran and Carreira-Perpin{\'a}n, Miguel A},
  journal={arXiv preprint arXiv:1309.1541},
  year={2013}
}

@book{gan2007data,
  title={Data clustering: theory, algorithms, and applications},
  author={Gan, Guojun and Ma, Chaoqun and Wu, Jianhong},
  volume={20},
  year={2007},
  publisher={Siam}
}